@online{repository,
    title = "pcm-dpc/COVID-19: COVID-19 Italia - Monitoraggio situazione",
    url  = "https://github.com/pcm-dpc/COVID-19",
    keywords = "github"
}

@online{data_sharing,
    title = "Data sharing in the era of COVID-19",
    url  = "https://www.thelancet.com/journals/landig/article/PIIS2589-7500(20)30082-0/fulltext",
    keywords = "data, sharing"
}

@online{Python,
    title = "Sito ufficilae Python",
    url  = "https://www.python.org/",
    keywords = "Python"
}

@online{Plotly,
    title = "Getting Started with Plotly in Python",
    url  = "https://plotly.com/python/getting-started/",
    keywords = "Plotly"
}

@online{Data_visualization,
    title = "A Short History of Data Visualisation",
    url  = "https://towardsdatascience.com/a-short-history-of-data-visualisation-de2f81ed0b23",
    keywords = "data, visualization"
}

@thesis{schiavone_tesi,
    title = "Development of a tool to study COVID-19 contagiousness via R0(t) in Italy at national, regional and provincial level",
    author = "Alice Schiavone",
    url = "https://aliswh.github.io/docs/thesis_2020.pdf"
}

@article{data_sharing_covid,
    author = "Christopher V Cosgriff",
    title = "Data sharing in the era of COVID-19",
    journal = "The Lancet",
    DOI = "https://doi.org/10.1016/S2589-7500(20)30082-0",
    keywords = "health"
}


